<record><leader>00000cas a2200000 a 4500</leader><controlfield tag="001">30721652</controlfield><controlfield tag="008">940707c19309999oruwr ne      0    0eng d</controlfield><datafield ind1=" " ind2=" " tag="010"><subfield code="a">sn 96088259 </subfield></datafield><datafield ind1=" " ind2=" " tag="040"><subfield code="a">ORY</subfield><subfield code="b">eng</subfield><subfield code="c">ORY</subfield><subfield code="d">OCL</subfield><subfield code="d">OCN</subfield><subfield code="d">OCLCQ</subfield><subfield code="d">ORU</subfield><subfield code="d">DLC</subfield><subfield code="d">OCLCF</subfield><subfield code="d">OCLCO</subfield></datafield><datafield ind1=" " ind2=" " tag="043"><subfield code="a">n-us-or</subfield></datafield><datafield ind1="0" ind2="0" tag="245"><subfield code="a">Burns times-herald.</subfield></datafield><datafield ind1=" " ind2=" " tag="260"><subfield code="a">Burns, Or. :</subfield><subfield code="b">Burns Times-Herald, Inc.,</subfield><subfield code="c">1930-</subfield></datafield><datafield ind1=" " ind2=" " tag="300"><subfield code="a">v.</subfield></datafield><datafield ind1=" " ind2=" " tag="310"><subfield code="a">Weekly,</subfield><subfield code="b">June 10, 1938-</subfield></datafield><datafield ind1=" " ind2=" " tag="321"><subfield code="a">Weekly,</subfield><subfield code="b">Jan. 3, 1930-Apr. 13, 1934</subfield></datafield><datafield ind1=" " ind2=" " tag="321"><subfield code="a">Daily (except Sat. and Sun.),</subfield><subfield code="b">Apr. 20, 1934-June 3, 1938</subfield></datafield><datafield ind1="0" ind2=" " tag="362"><subfield code="a">Vol. 44, no. 12 (Jan. 3, 1930)-</subfield></datafield><datafield ind1=" " ind2=" " tag="500"><subfield code="a">1930 includes newspaper published during school term by Burns high School students.</subfield></datafield><datafield ind1=" " ind2=" " tag="500"><subfield code="a">Latest issue consulted: Week 22 (May 28, 1997).</subfield></datafield><datafield ind1=" " ind2=" " tag="530"><subfield code="a">Also available on microfilm from University of Oregon.</subfield></datafield><datafield ind1=" " ind2="0" tag="651"><subfield code="a">Burns (Or.)</subfield><subfield code="v">Newspapers.</subfield></datafield><datafield ind1=" " ind2="0" tag="651"><subfield code="a">Harney County (Or.)</subfield><subfield code="v">Newspapers.</subfield></datafield><datafield ind1=" " ind2="7" tag="655"><subfield code="a">Newspapers.</subfield><subfield code="2">fast</subfield><subfield code="0">(OCoLC)fst01423814</subfield></datafield><datafield ind1=" " ind2="7" tag="651"><subfield code="a">Oregon</subfield><subfield code="z">Burns.</subfield><subfield code="2">fast</subfield><subfield code="0">(OCoLC)fst01217109</subfield></datafield><datafield ind1=" " ind2="7" tag="651"><subfield code="a">Oregon</subfield><subfield code="z">Harney County.</subfield><subfield code="2">fast</subfield><subfield code="0">(OCoLC)fst01208936</subfield></datafield><datafield ind1="0" ind2="2" tag="740"><subfield code="a">Honker.</subfield></datafield><datafield ind1=" " ind2=" " tag="752"><subfield code="a">United States</subfield><subfield code="b">Oregon</subfield><subfield code="c">Harney</subfield><subfield code="d">Burns.</subfield></datafield><datafield ind1="0" ind2="4" tag="780"><subfield code="t">Times-herald (Burns, Or.)</subfield><subfield code="x">2163-7997</subfield><subfield code="w">(DLC)sn 96088246</subfield><subfield code="w">(OCoLC)37041779</subfield></datafield><datafield ind1="0" ind2="4" tag="780"><subfield code="t">Burns news (Burns, Or.)</subfield><subfield code="w">(DLC)sn 96088245</subfield><subfield code="w">(OCoLC)37041823</subfield></datafield></record>